@misc{industrymwd, 
    title={Definition of industry}, 
    url={https://www.merriam-webster.com/dictionary/industry}, 
    journal={Merriam-Webster.com Dictionary}, 
    publisher={Merriam Webster}, 
    author={Merriam Webster}, 
    year={2022}, month={Mar} 
}
@misc{lumber, 
   title={Industries at a Glance: Forestry and Logging: NAICS 113}, 
   url={https://www.bls.gov/iag/tgs/iag113.htm}, 
   journal={U.S. Bureau Of Labor Statistics}, 
   author={North American Industry Classification System},
    year={2022}, 
   month={May} 
}
@misc{Hood_Brady_2016, 
    title={Industry 4.0 engages customers}, url={https://www2.deloitte.com/us/en/insights/focus/industry-4-0/customer-engagement-strategies-digital-manufacturing-enterprise.html}, 
    journal={Deloitte Insights}, 
    publisher={Deloitte Insights}, 
    author={Hood, Jeff and Brady, Alan}, 
    year={2016}, 
    month={Dec}
}